@Article{Nesvizhskii2014Proteogenomics,
  author =       "Alexey Nesvizhskii",
  title =        "Proteogenomics: concepts, applications and computational strategies",
  journal =      "Nature Methods",
  volume =       "11",
  pages =        "1114 EP  -",
  year =         "2014",
  DOI =          "http://dx.doi.org/10.1038/nmeth.3144"
} 

@Article{Gillet2016MassSA,
  title={Mass Spectrometry Applied to Bottom-Up Proteomics: Entering the High-Throughput Era for Hypothesis Testing.},
  author={Ludovic Gillet and A Leitner and Ruedi Aebersold},
  journal={Annual review of analytical chemistry},
  year={2016},
  volume={9 1},
  pages={449-72}
}